@article{birch-climate-change-treeline,
author = {Truong, Camille and Palme, Anna and Felber, François},
year = {2007},
month = {02},
pages = {369-80},
title = {Recent invasion of the mountain birch Betula pubescens ssp. tortuosa above the treeline due to climate change: Genetic and ecological study in northern Sweden},
volume = {20},
journal = {Journal of evolutionary biology},
doi = {10.1111/j.1420-9101.2006.01190.x}
}

@article{umap,
author = {McInnes, Leland and Healy, John},
year = {2018},
month = {02},
pages = {},
title = {UMAP: Uniform Manifold Approximation and Projection for Dimension Reduction}
}

@article{jarkko,
author = {Salojarvi, Jarkko and Smolander, Olli-Pekka and Nieminen, Kaisa and Rajaraman, Sitaram and Safronov, Omid and Safdari, Pezhman and Lamminmäki, Airi and Immanen, Juha and Lan, Tianying and Tanskanen, Jaakko and Rastas, Pasi and Amiryousefi, Ali and Jayaprakash, Balamuralikrishna and Kammonen, Juhana and Hagqvist, Risto and Eswaran, Gugan and Hassinen, Viivi and Alonso-Serra, Juan and Asiegbu, Fred and Kangasjärvi, Jaakko},
year = {2017},
month = {05},
pages = {},
title = {Genome sequencing and population genomic analyses provide insights into the adaptive landscape of silver birch},
volume = {49},
journal = {Nature Genetics},
doi = {10.1038/ng.3862}
}

@article{feems,
author = {Marcus, Joseph and Ha, Wooseok and Barber, Rina and Novembre, John},
year = {2021},
month = {07},
pages = {},
title = {Fast and flexible estimation of effective migration surfaces},
volume = {10},
journal = {eLife},
doi = {10.7554/eLife.61927}
}

@inbook{polydfe,
author = {Tataru, Paula and Bataillon, Thomas},
year = {2020},
month = {01},
pages = {125-146},
title = {polyDFE: Inferring the Distribution of Fitness Effects and Properties of Beneficial Mutations from Polymorphism Data},
volume = {2090},
isbn = {978-1-0716-0198-3},
journal = {Methods in molecular biology (Clifton, N.J.)},
doi = {10.1007/978-1-0716-0199-0_6}
}

@article{dadi,
author = {Gutenkunst, Ryan and Hernandez, Ryan and Williamson, Scott and Bustamante, Carlos},
year = {2009},
month = {10},
pages = {e1000695},
title = {Gutenkunst RN, Hernandez RD, Williamson SH, Bustamante CD. Inferring the joint demographic history of multiple populations from multidimensional SNP data. PLoS Genet 5: e1000695},
volume = {5},
journal = {PLoS genetics},
doi = {10.1371/journal.pgen.1000695}
}

@article{dils,
author = {Fraïsse, Christelle and Popovic, Iva and Mazoyer, Clément and Spataro, Bruno and Delmotte, Stéphane and Romiguier, Jonathan and Loire, Etienne and Simon, Alexis and Galtier, Nicolas and Duret, Laurent and Bierne, Nicolas and Vekemans, Xavier and Roux, Camille},
year = {2021},
month = {01},
pages = {},
title = {DILS: Demographic Inferences with Linked Selection by using ABC},
journal = {Molecular Ecology Resources},
doi = {10.1111/1755-0998.13323}
}

@article{relate,
author = {Speidel, Leo and Forest, Marie and Shi, Sinan and Myers, Simon},
year = {2019},
month = {09},
pages = {1321-1329},
title = {A method for genome-wide genealogy estimation for thousands of samples},
volume = {51},
journal = {Nature Genetics},
doi = {10.1038/s41588-019-0484-x}
}

@article{multispecies-structure-birch,
author = {Tsuda, Yoshiaki and Semerikov, Vladimir and Sebastiani, Federico and Giovanni Giuseppe, Vendramin and Lascoux, Martin},
year = {2016},
month = {10},
pages = {},
title = {Multispecies genetic structure and hybridization in the Betula genus across Eurasia},
volume = {26},
journal = {Molecular Ecology},
doi = {10.1111/mec.13885}
}

@article{recolonization-birch,
author = {Palme, Anna and Su, Qiao and Rautenberg, Anja and Manni, F and Lascoux, Martin},
year = {2003},
month = {02},
pages = {201-12},
title = {Postglacial recolonization and cpDNA variation of silver birch, Betula pendula},
volume = {12},
journal = {Molecular ecology},
doi = {10.1046/j.1365-294X.2003.01724.x}
}